@inproceedings{Celine_Kaisa_Links_2013,
  author    = {Celine Blondeau and Kaisa Nyberg},
  title     = {New Links Between Differential and Linear Cryptanalysis},
  year      = {2013},
  booktitle = {Advances in Cryptology - EUROCRYPT 2013 [3-642-38347-5; 3-642-38348-3] },
  pages     = {388-404}
}

@misc{def_cryptanalysis,
  author =	 {National Security Agency},
  title =	 {Cryptanalysis/Signals Analysis.},
  note =          {\url{https://www.nsa.gov/careers/career_fields/cryptsiganalysis.shtml}}
}

@inproceedings{Chabaud_Vaudenay_link,
  author    = {Florent Chabaud and Serge Vaudenay},
  title     = {Links Between Differential and Linear Cryptoanalysis},
  year      = {1994},
  booktitle = {De Santis, A. ed: EUROCRYPT-94, Vol. 950 of LNCS, Springer},
  pages     = {356--365}
}

@inproceedings{Celine_Kaisa_Links_2014,
  author    = {Celine Blondeau and Kaisa Nyberg},
  title     = {Links Between Truncated Differential and Multidimensional Linear Properties of Block Ciphers and Underlying Attack Complexites},
  year      = {2014},
  booktitle = {Advances in Cryptology - EUROCRYPT 2014 [3-642-55219-6; 3-642-55220-X] },
  pages     = {165 -182}
}

@inproceedings{SSA_Collard_Standaert,
  author    = {B. Collard and Fran√ßois-Xavier Standaert},
  title     = {A Atatistical Saturation Attack against the Block Cipher PRESENT},
  year      = {2009},
  booktitle = {Lecture Notes in Computer Science Volume 5473, 2009},
  pages     = {195-210}
}

@inproceedings{Leander_link,
  author    = {Gregor Leander},
  title     = {On Linear Hulls, Statistical Saturation Attacks, PRESENT and a
Cryptanalysis of PUFFIN},
  year      = {2011},
  booktitle = {Paterson, K.G. ed.: EUROCRYPT 2011. Vol. 6632 of LNCS, Springer},
  pages     = {303--322}
}

@Book{Stinson_book_cryptosystem_defn,
  author    = {Douglas R. Stinson},
  title     = {Cryptography Theory and Practice},
  edition   = {Third}
  publisher = {CRC Press}
  pages     = {1}
}


@inproceedings{bogdanov_PRESENT,
  author    = {A. Bogdanov and L. R. Knudsen and G. Leander and C. Paar, A. Poschmann and M. J. B. Robshaw and Y. Seurin and C. Vikkelsoe},
  title     = {PRESENT: An Ultra-Lightweight Block Cipher},
  year      = {2007},
  volume    = {4727 2007}
  booktitle = {Cryptographic Hardware and Embedded Systems - CHES 2007},
  pages     = {450 - 466}
}

@Book{Stinson_SPN_defn,
  author    = {Douglas R. Stinson},
  title     = {Cryptography Theory and Practice},
  edition   = {Third}
  publisher = {CRC Press}
  pages     = {75}
}


@misc{wikipedia_gamma_dist,
  author =	 {Wikipedia},
  title =	 {Gamma distribution},
  note =          {\url{http://en.wikipedia.org/wiki/Gamma_distribution}}
}

@misc{wikipedia_chi_square_defn,
  author =	 {Wikipedia},
  title =	 {Chi-squared distribution},
  note =          {\url{http://en.wikipedia.org/wiki/Chi-squared_distribution}}
}

@misc{distribution_cryptanalysis_kaisa_lecture_ice_break_2013,
  author =	 {Kaisa Nyberg},
  title =	 {Distribution Cryptanalysis, Summer School, Icebreak 2013},
  note =          {\url{http://ice.mat.dtu.dk/slides/lecture2_kaisa.pdfn}}
}

@Book{binomial_distribution_defn,
  author    = {Charles M. Grinstead, J. Laurie Snell},
  title     = {Introduction to Probability, Chapter: Distributions and Densities, page: 184},
  pages     = {184}
}



@misc{smalpresent,
  author =	 {Gregor Leander},
  title =	 {Small Scale Variants Of The Block Cipher PRESENT},
  note =          {\url{https://eprint.iacr.org/2010/143.pdf}}
}


@inproceedings{Celine_Kaisa_non_linear_functions,
  author    = {Celine Blondeau and Kaisa Nyberg},
  title     = {Perfect nonlinear functions and cryptography},
  booktitle = {Finite fields and their applications [1071-5797] Blondeau, Celine v:2015 vol:32},
  pages     = {120 -147}
}


@inproceedings{Kaisa_perfect_non_linear_functions,
  author    = {Kaisa Nyberg},
  title     = {PERFECT NONLINEAR S-BOXES},
  booktitle = {Lecture Notes in Computer Science [0302-9743] Nyberg, K v:1991 vol:547},
  pages     = {378 -386}
}



@inproceedings{j_y_cho_linear_cryptanalysis,
  author    = {Joo Yeon Cho},
  title     = {Linear cryptanalysis of reduced-round PRESENT},
  booktitle = {Lecture Notes in Computer Science Volume 5985, 2010},
  pages     = {302 -317}
}


@inproceedings{sample_without_replacement,
  author    = {Celine Blondeau and Kaisa Nyberg},
  title     = {On Distinct Known Plaintext Attacks},
  booktitle = {The Ninth International Workshop on Coding and Cryptography 2015},
}

@inproceedings{kaisa_mohsin_2015,
  author    = {Kaisa Nyberg and Mohsin Khan},
  title     = {Statistical Models for the Statistical Saturation Distinguishers},
  booktitle = {Selected Areas in Cryptography 2015 (Submitted)},
}

@Book{gamma_distribution_book,
  author    = {Richard L. Scheaffer and James T. McClave},
  title     = {Statistics for Engineers, Chapter: Common Continuous Probability Distributions, page: 102 -- 104},
  pages     = {184}
}

@Book{chi_gamma_link_book,
  author    = {Richard L. Scheaffer and James T. McClave},
  title     = {Statistics for Engineers, Chapter: Satistics and Sampling Distributions, page: 140},
  pages     = {184}
}

@Book{cryptosystem_definition_book,
  author    = {Douglas R. Stinson},
  title     = {Cryptography Theory and Practice, Chapter: Classical Cryptography, page: 1},
  edition   = {Third}
}

@Book{spn_definition_book,
  author    = {Douglas R. Stinson},
  title     = {Cryptography Theory and Practice, Chapter: Block Ciphers and the Advanced Encryption Standard, page: 74 -- 79},
  edition   = {Third}
}


@Book{chi_square_definition_book,
  author    = {Bowker and Lieberman},
  title     = {Engineering Statistics, Chapter: Other Probability Distribution, page: 72},
}

@Book{chi_square_normal_approximation,
  author    = {Christian Walck},
  title     = {Hand-book on STATISTICAL DISTRIBUTIONS for experimentalists, Chapter: Chi-square Distribution, page: 39},
}


@misc{normal_approximation_of_gamma_distribution_uah,
  author = {UAH},
  title  = {The Gamma Distrigution, Definition: 33},
  note   = {\url{http://www.math.uah.edu/stat/special/Gamma.html}}
}

@misc{scaling_of_gamma_distribution_uah,
  author = {UAH},
  title  = {The Gamma Distrigution, Definition: 31},
  note   = {\url{http://www.math.uah.edu/stat/special/Gamma.html}}
}

normal_approximation_of_gamma_distribution_maa


